<?xml version="1.0" encoding="UTF-8"?><collection xmlns="http://www.loc.gov/MARC21/slim"><record><leader>00398nam--2200133-i-4500</leader><controlfield tag="001">000041986</controlfield><controlfield tag="002">20161230</controlfield><controlfield tag="005">20161230201043</controlfield><controlfield tag="008">060222s1000------------r-----000-0-eng-d</controlfield><datafield ind1=" " ind2=" " tag="080"><subfield code="a">621.372</subfield></datafield><datafield ind1=" " ind2=" " tag="100"><subfield code="a">Smith,Phillip H</subfield></datafield><datafield ind1=" " ind2=" " tag="245"><subfield code="a">Electronic applications of the smith chart. in waveguide, circuit and component analysis</subfield></datafield><datafield ind1=" " ind2=" " tag="260"><subfield code="a">New York, Mcgraw-hil Book Co.,1969. Xxvii + 222 P</subfield></datafield><datafield ind1=" " ind2=" " tag="852"><subfield code="a">32832</subfield></datafield></record></collection>